@book{book:CRC,
	title={CRC Handbook of Chemistry and Physics, 99th E.},
	author={Rumble, John},
	year={2019},
	publisher={CRC press}
}

@article{born1918absolute,
	title={{\"U}ber die absolute Berechnung der Kristalleigenschaften mit Hilfe Bohrscher Atommodelle},
	author={Born, M and Land{\'e}, A},
	journal={Sitzungsber. Preuss. Akad. Wiss.},
	volume={45},
	pages={1048-1068},
	year={1918}
}

@article{Born1932,
	title={Zur Gittertheorie der Ionenkristalle},
	author={Born, Max and Mayer, Joseph E},
	journal={Z. Phys.},
	volume={75},
	number={1-2},
	pages={1--18},
	year={1932},
	publisher={Springer},
	doi={10.1007/BF01340511}
}

@article{Huggins1937,
	author = {Huggins, Maurice L.},
	doi = {10.1063/1.1749993},
	issn = {0021-9606},
	journal = {J. Chem. Phys.},
	month = {Feb},
	number = {2},
	pages = {143--148},
	publisher = {American Institute of Physics},
	title = {{Lattice Energies, Equilibrium Distances, Compressibilities and Characteristic Frequencies of Alkali Halide Crystals}},
	volume = {5},
	year = {1937}
}

@article{Huggins1947,
	title={Errata: Lattice Energies, Equilibrium Distances, Compressibilities, and Characteristic Frequencies of Alkali Halide Crystals},
	author={Huggins, Maurice L},
	journal={J. Chem. Phys.},
	volume={15},
	number={4},
	pages={212--212},
	year={1947},
	publisher={AIP}
}

@article{Slater1928,
	author = {Slater, J. C.},
	doi = {10.1103/PhysRev.32.349},
	issn = {0031-899X},
	journal = {Phys. Rev.},
	month = {Sep},
	number = {3},
	pages = {349--360},
	publisher = {American Physical Society},
	title = {{The Normal State of Helium}},
	volume = {32},
	year = {1928}
}

@article{Jenkins2005,
	author = {Jenkins, H. Donald B.},
	title = {Thermodynamics of the Relationship between Lattice Energy and Lattice Enthalpy},
	journal = {J. Chem. Educ.},
	volume = {82},
	number = {6},
	pages = {950},
	year = {2005},
	doi = {10.1021/ed082p950}
}

@article{Crystal17,
	author = {Dovesi, Roberto and Erba, Alessandro and Orlando, Roberto and Zicovich-Wilson, Claudio M. and Civalleri, Bartolomeo and Maschio, Lorenzo and Rérat, Michel and Casassa, Silvia and Baima, Jacopo and Salustro, Simone and Kirtman, Bernard},
	title = {Quantum-mechanical condensed matter simulations with CRYSTAL},
	journal = {WIREs Comput. Mol. Sci.},
	volume = {8},
	number = {4},
	pages = {e1360},
	doi = {10.1002/wcms.1360},
	year = {2018}
}

@manual{Crystal17Manual,
	author = {R. Dovesi and V. R. Saunders and C. Roetti and R. Orlando and C. M. Zicovich-Wilson and F. Pascale and B. Civalleri and K. Doll and N. M. Harrison and I. J. Bush and P. D'Arco and M. Llunell and M. Caus\`{a} and Y. No\:{e}l and L. Maschio and A. Erba and M. Rerat and S. Casassa},
	title = {CRYSTAL17 User's Manual},
	OPTorganization = {University of Torino},
	year = {2017}
}

@article{Peintinger2013,
	author = {Peintinger, Michael F. and Oliveira, Daniel Vilela and Bredow, Thomas},
	doi = {10.1002/jcc.23153},
	issn = {01928651},
	journal = {J. Comput. Chem.},
	keywords = {CRYSTAL,TZVP,basis sets,solid‐state calculations},
	month = {Mar},
	number = {6},
	pages = {451--459},
	publisher = {Wiley-Blackwell},
	title = {{Consistent Gaussian basis sets of triple-zeta valence with polarization quality for solid-state calculations}},
	volume = {34},
	year = {2013}
}


@article{Laun2018,
	author = {Laun, Joachim and {Vilela Oliveira}, Daniel and Bredow, Thomas},
	doi = {10.1002/jcc.25195},
	issn = {01928651},
	journal = {J. Comput. Chem.},
	keywords = {CRYSTAL,basis sets,pob‐DZVP,pob‐TZVP,solid‐state calculations},
	month = {Jul},
	number = {19},
	pages = {1285--1290},
	publisher = {Wiley-Blackwell},
	title = {{Consistent gaussian basis sets of double- and triple-zeta valence with polarization quality of the fifth period for solid-state calculations}},
	volume = {39},
	year = {2018}
}

@article{Mardirossian2017,
	author = {Mardirossian, Narbe and Head-Gordon, Martin},
	doi = {10.1080/00268976.2017.1333644},
	issn = {0026-8976},
	journal = {Mol. Phys.},
	keywords = {DFT,Density functional theory,benchmark,chemistry database,density functionals},
	month = {Oct},
	number = {19},
	pages = {2315--2372},
	publisher = {Taylor {\&} Francis},
	title = {{Thirty years of density functional theory in computational chemistry: an overview and extensive assessment of 200 density functionals}},
	volume = {115},
	year = {2017}
}

@article{PW1PW,
	title = {{Effect of exchange and correlation on bulk properties of MgO, NiO, and CoO}},
	author = {Bredow, Thomas and Gerson, Andrea R.},
	journal = {Phys. Rev. B},
	volume = {61},
	issue = {8},
	pages = {5194--5201},
	numpages = {0},
	year = {2000},
	month = {Feb},
	publisher = {American Physical Society},
	doi = {10.1103/PhysRevB.61.5194},
}


@article{Grimme2010,
	author = {Grimme, Stefan and Antony, Jens and Ehrlich, Stephan and Krieg, Helge},
	doi = {10.1063/1.3382344},
	journal = {J. Chem. Phys.},
	number = {15},
	pages = {154104},
	title = {{A consistent and accurate ab initio parametrization of density functional dispersion correction (DFT-D) for the 94 elements H-Pu}},
	volume = {132},
	year = {2010}
}

@article{Grimme2011,
	author = {Grimme, Stefan and Ehrlich, Stephan and Goerigk, Lars},
	title = {Effect of the damping function in dispersion corrected density functional theory},
	journal = {J. Comput. Chem.},
	volume = {32},
	number = {7},
	pages = {1456-1465},
	keywords = {dispersion energy, density functional theory, noncovalent interactions, van der Waals complexes},
	doi = {10.1002/jcc.21759},
	year = {2011}
}

@article{Becke2007,
	author = {Becke, Axel D. and Johnson, Erin R. },
	title = {A unified density-functional treatment of dynamical, nondynamical, and dispersion correlations},
	journal = {J. Chem. Phys.},
	volume = {127},
	number = {12},
	pages = {124108},
	year = {2007},
	doi = {10.1063/1.2768530},
}

@article{becke2005density,
	title={A density-functional model of the dispersion interaction},
	author={Becke, Axel D and Johnson, Erin R},
	journal={J. Chem. Phys.},
	volume={123},
	number={15},
	pages={154101},
	year={2005},
	publisher={AIP}
}

@article{Rappoport2010,
	author = {Rappoport, Dmitrij  and Furche, Filipp},
	title = {Property-optimized Gaussian basis sets for molecular response calculations},
	journal = {J. Chem. Phys.},
	volume = {133},
	number = {13},
	pages = {134105},
	year = {2010},
	doi = {10.1063/1.3484283},
}

@article{weigend2005balanced,
	title={Balanced basis sets of split valence, triple zeta valence and quadruple zeta valence quality for H to Rn: Design and assessment of accuracy},
	author={Weigend, Florian and Ahlrichs, Reinhart},
	journal={Phys. Chem. Chem. Phys.},
	volume={7},
	number={18},
	pages={3297--3305},
	year={2005},
	publisher={The Royal Society of Chemistry}
}

@article{weigend2003gaussian,
	title={Gaussian basis sets of quadruple zeta valence quality for atoms H--Kr},
	author={Weigend, Florian and Furche, Filipp and Ahlrichs, Reinhart},
	journal={J. Chem. Phys.},
	volume={119},
	number={24},
	pages={12753--12762},
	year={2003},
	publisher={AIP}
}

@article{peterson2003systematically,
	title={Systematically convergent basis sets with relativistic pseudopotentials. II. Small-core pseudopotentials and correlation consistent basis sets for the post-d group 16--18 elements},
	author={Peterson, Kirk A and Figgen, Detlev and Goll, Erich and Stoll, Hermann and Dolg, Michael},
	journal={J. Chem. Phys.},
	volume={119},
	number={21},
	pages={11113--11123},
	year={2003},
	publisher={AIP}
}

@article{Karthika2016,
	author = {Karthika, S. and Radhakrishnan, T. K. and Kalaichelvi, P.},
	doi = {10.1021/acs.cgd.6b00794},
	issn = {1528-7483},
	journal = {Cryst. Growth Des.},
	month = {11},
	number = {11},
	pages = {6663--6681},
	publisher = {American Chemical Society},
	title = {{A Review of Classical and Nonclassical Nucleation Theories}},
	volume = {16},
	year = {2016}
}

@article{sosso2016crystal,
	title={Crystal nucleation in liquids: Open questions and future challenges in molecular dynamics simulations},
	author={Sosso, Gabriele C and Chen, Ji and Cox, Stephen J and Fitzner, Martin and Pedevilla, Philipp and Zen, Andrea and Michaelides, Angelos},
	journal={Chem. Rev.},
	volume={116},
	number={12},
	pages={7078--7116},
	year={2016},
	publisher={ACS Publications}
}

@article{Lanaro2018,
	author = {Lanaro, G. and Patey, G. N.},
	doi = {10.1063/1.5001521},
	issn = {0021-9606},
	journal = {J. Chem. Phys.},
	month = {Jan},
	number = {2},
	pages = {024507},
	publisher = {AIP Publishing LLC},
	title = {{The influence of ion hydration on nucleation and growth of LiF crystals in aqueous solution}},
	volume = {148},
	year = {2018}
}

@article{Tosi1964,
	author = {Tosi, M P and Fumi, F G},
	doi = {https://doi.org/10.1016/0022-3697(64)90160-X},
	issn = {0022-3697},
	journal = {J. Phys. Chem. Solids},
	number = {1},
	pages = {45--52},
	title = {{Ionic sizes and born repulsive parameters in the NaCl-type alkali halides II: The generalized Huggins-Mayer form}},
	volume = {25},
	year = {1964}
}

@article{Fumi1964,
	author = {Fumi, F.G. and Tosi, M.P.},
	doi = {10.1016/0022-3697(64)90159-3},
	issn = {0022-3697},
	journal = {J. Phys. Chem. Solids},
	month = {jan},
	number = {1},
	pages = {31--43},
	publisher = {Pergamon},
	title = {{Ionic sizes and born repulsive parameters in the NaCl-type alkali halides I: The Huggins-Mayer and Pauling forms}},
	volume = {25},
	year = {1964}
}

@article{Joung2008,
	annote = {PMID: 18593145},
	author = {Joung, In Suk and Cheatham, Thomas E},
	doi = {10.1021/jp8001614},
	journal = {J. Phys. Chem. B},
	number = {30},
	pages = {9020--9041},
	title = {{Determination of Alkali and Halide Monovalent Ion Parameters for Use in Explicitly Solvated Biomolecular Simulations}},
	volume = {112},
	year = {2008}
}

@article{Lanaro2017,
	author = {Lanaro, G. and Patey, G. N.},
	doi = {10.1063/1.4979926},
	issn = {00219606},
	journal = {J. Chem. Phys.},
	number = {15},
	title = {{Crystal structures of model lithium halides in bulk phase and in clusters}},
	volume = {146},
	year = {2017}
}

@article{Booth1950,
	title={Solubilities of Salts in Water at High Temperatures},
	author={H. S. Booth and R. M. Bidwell},
	journal={J. Am. Chem. Soc.},
	volume={72},
	pages={2567},
	year={1950},
	publisher={ACS Publications}
}

@book{szabo2012modern,
	title={Modern quantum chemistry: introduction to advanced electronic structure theory},
	author={Szabo, Attila and Ostlund, Neil S},
	year={2012},
	publisher={Courier Corporation}
}

@article{Perdew1996,
	author = {Perdew, John P and Burke, Kieron and Ernzerhof, Matthias},
	doi = {10.1103/PhysRevLett.77.3865},
	journal = {Phys. Rev. Lett.},
	month = {oct},
	number = {18},
	pages = {3865--3868},
	publisher = {American Physical Society},
	title = {{Generalized Gradient Approximation Made Simple}},
	volume = {77},
	year = {1996}
}

@article{dirac1930, 
	title={Note on Exchange Phenomena in the Thomas Atom}, 
	volume={26}, 
	DOI={10.1017/S0305004100016108}, 
	number={3}, 
	journal={Math. Proc. Cambridge}, 
	publisher={Cambridge University Press}, 
	author={Dirac, P. A. M.}, 
	year={1930}, 
	pages={376–385}
}

@article{Vosko1980,
	author = {Vosko, S. H. and Wilk, L. and Nusair, M.},
	title = {Accurate spin-dependent electron liquid correlation energies for local spin density calculations: a critical analysis},
	journal = {Can. J. Phys.},
	volume = {58},
	number = {8},
	pages = {1200-1211},
	year = {1980},
	doi = {10.1139/p80-159},
}

@article{Zhao2006,
	author = {Zhao, Yan and Truhlar, Donald G. },
	title = {A new local density functional for main-group thermochemistry, transition metal bonding, thermochemical kinetics, and noncovalent interactions},
	journal = {J. Chem. Phys.},
	volume = {125},
	number = {19},
	pages = {194101},
	year = {2006},
	doi = {10.1063/1.2370993},
}

@article{Zhao2008,
	title={The M06 suite of density functionals for main group thermochemistry, thermochemical kinetics, noncovalent interactions, excited states, and transition elements: two new functionals and systematic testing of four M06-class functionals and 12 other functionals},
	author={Zhao, Yan and Truhlar, Donald G},
	journal={Theor. Chem. Acc.},
	volume={120},
	number={1-3},
	pages={215--241},
	year={2008},
	publisher={Springer}
}


@article{Becke1993,
	author = {Becke,Axel D. },
	title = {Density‐functional thermochemistry. III. The role of exact exchange},
	journal = {J. Chem. Phys.},
	volume = {98},
	number = {7},
	pages = {5648-5652},
	year = {1993},
	doi = {10.1063/1.464913},
}

@article{stephens1994,
	title={Ab initio calculation of vibrational absorption and circular dichroism spectra using density functional force fields},
	author={Stephens, PJ and Devlin, FJ and Chabalowski, CFN and Frisch, Michael J},
	journal={J. Phys. Chem.},
	volume={98},
	number={45},
	pages={11623--11627},
	year={1994},
	publisher={ACS Publications}
}

@article{becke1988,
	title={Density-functional exchange-energy approximation with correct asymptotic behavior},
	author={Becke, Axel D},
	journal={Phys. Rev. A},
	volume={38},
	number={6},
	pages={3098},
	year={1988},
	publisher={APS}
}

@article{lee1988,
	title={Development of the Colle-Salvetti correlation-energy formula into a functional of the electron density},
	author={Lee, Chengteh and Yang, Weitao and Parr, Robert G},
	journal={Phys. Rev. B},
	volume={37},
	number={2},
	pages={785},
	year={1988},
	publisher={APS}
}

@article{krukau2006,
	title={Influence of the exchange screening parameter on the performance of screened hybrid functionals},
	author={Krukau, Aliaksandr V and Vydrov, Oleg A and Izmaylov, Artur F and Scuseria, Gustavo E},
	journal={J. Chem. Phys.},
	volume={125},
	number={22},
	pages={224106},
	year={2006},
	publisher={AIP}
}

@article{schimka2011,
	title={Improved hybrid functional for solids: The HSEsol functional},
	author={Schimka, Laurids and Harl, Judith and Kresse, Georg},
	journal={J. Chem. Phys.},
	volume={134},
	number={2},
	pages={024116},
	year={2011},
	publisher={AIP}
}

@article{perdew2008PBEsol,
	title={Restoring the density-gradient expansion for exchange in solids and surfaces},
	author={Perdew, John P and Ruzsinszky, Adrienn and Csonka, G{\'a}bor I and Vydrov, Oleg A and Scuseria, Gustavo E and Constantin, Lucian A and Zhou, Xiaolan and Burke, Kieron},
	journal={Phys. Rev. Letters},
	volume={100},
	number={13},
	pages={136406},
	year={2008},
	publisher={APS}
}

@article{ernzerhof1997coupling,
	title={Coupling-constant dependence of atomization energies},
	author={Ernzerhof, Matthias and Perdew, John P and Burke, Kieron},
	journal={Int. J. Quantum Chem.},
	volume={64},
	number={3},
	pages={285--295},
	year={1997},
	publisher={Wiley Online Library}
}

@article{he2014accuracy,
	title={Accuracy of generalized gradient approximation functionals for density-functional perturbation theory calculations},
	author={He, Lianhua and Liu, Fang and Hautier, Geoffroy and Oliveira, Micael JT and Marques, Miguel AL and Vila, Fernando D and Rehr, JJ and Rignanese, G M and Zhou, Aihui},
	journal={Phys. Rev. B},
	volume={89},
	number={6},
	pages={064305},
	year={2014},
	publisher={APS}
}

@article{perdew1992pair,
	title={Pair-distribution function and its coupling-constant average for the spin-polarized electron gas},
	author={Perdew, John P and Wang, Yue},
	journal={Phys. Rev. B},
	volume={46},
	number={20},
	pages={12947},
	year={1992},
	publisher={APS}
}

@article{baima2016_PDOS,
	title={Thermodynamics and phonon dispersion of pyrope and grossular silicate garnets from ab initio simulations},
	author={Baima, Jacopo and Ferrabone, Matteo and Orlando, Roberto and Erba, Alessandro and Dovesi, Roberto},
	journal={Phys. Chem. Miner.},
	volume={43},
	number={2},
	pages={137--149},
	year={2016},
	publisher={Springer}
}

@article{monkhorst1976,
	title={Special points for Brillouin-zone integrations},
	author={Monkhorst, Hendrik J and Pack, James D},
	journal={Phys. Rev. B},
	volume={13},
	number={12},
	pages={5188},
	year={1976},
	publisher={APS}
}

@article{tosoni2007,
	title={A comparison between plane wave and Gaussian-type orbital basis sets for hydrogen bonded systems: Formic acid as a test case},
	author={Tosoni, Sergio and Tuma, Christian and Sauer, Joachim and Civalleri, Bartolomeo and Ugliengo, Piero},
	journal={J. Chem. Phys.},
	volume={127},
	number={15},
	pages={154102},
	year={2007},
	publisher={AIP}
}

@article{pulay1980convergence,
	title={Convergence acceleration of iterative sequences. The case of SCF iteration},
	author={Pulay, P{\'e}ter},
	journal={Chem. Phys. Lett.},
	volume={73},
	number={2},
	pages={393--398},
	year={1980},
	publisher={Elsevier}
}

@article{pulay1982improved,
	title={Improved SCF convergence acceleration},
	author={Pulay, Peter},
	journal={J. Comput. Chem.},
	volume={3},
	number={4},
	pages={556--560},
	year={1982},
	publisher={Wiley Online Library}
}


@article{erba2014high,
	title={High pressure elastic properties of minerals from ab initio simulations: The case of pyrope, grossular and andradite silicate garnets},
	author={Erba, Alessandro and Mahmoud, A and Belmonte, D and Dovesi, Roberto},
	journal={J. Chem. Phys.},
	volume={140},
	number={12},
	pages={124703},
	year={2014},
	publisher={AIP}
}

@article{Lanaro2016,
	author = {Lanaro, G. and Patey, G. N.},
	doi = {10.1021/acs.jpcb.6b05291},
	issn = {1520-6106},
	journal = {J. Phys. Chem. B},
	month = {sep},
	number = {34},
	pages = {9076--9087},
	publisher = {American Chemical Society},
	title = {{Birth of NaCl Crystals: Insights from Molecular Simulations}},
	volume = {120},
	year = {2016}
}

@article{froyen1984,
	title={Structural properties of NaCl},
	author={Froyen, Sverre and Cohen, Marvin L},
	journal={Phys. Rev. B},
	volume={29},
	number={6},
	pages={3770},
	year={1984},
	publisher={APS}
}

@article{hohenberg1964inhomogeneous,
	title={Inhomogeneous electron gas},
	author={Hohenberg, Pierre and Kohn, Walter},
	journal={Phys. Rev.},
	volume={136},
	number={3B},
	pages={B864},
	year={1964},
	publisher={APS}
}

@article{kohn1965self,
	title={Self-consistent equations including exchange and correlation effects},
	author={Kohn, Walter and Sham, Lu Jeu},
	journal={Phys. Rev.},
	volume={140},
	number={4A},
	pages={A1133},
	year={1965},
	publisher={APS}
}

@article{liebold2008experimental,
	title={Experimental substantiation of the “energy landscape concept” for solids: synthesis of a new modification of LiBr},
	author={Liebold-Ribeiro, Yvonne and Fischer, Dieter and Jansen, Martin},
	journal={Angew. Chem. Int.},
	volume={47},
	number={23},
	pages={4428--4431},
	year={2008},
	publisher={Wiley Online Library}
}

@article{ojamae1994structural,
	title={Structural, vibrational and electronic properties of a crystalline hydrate from ab initio periodic Hartree--Fock calculations},
	author={Ojam{\"a}e, L and Hermansson, KERSTI and Pisani, CESARE and Caus{\`a}, MAURO and Roetti, CARLA},
	journal={Acta Crystallogr. B},
	volume={50},
	number={3},
	pages={268--279},
	year={1994},
	publisher={International Union of Crystallography}
}

@article{nada1993ab,
	title={An ab-initio Hartree-Fock perturbed-cluster study of neutral defects in LiF},
	author={Nada, R and Catlow, CRA and Pisani, C and Orlando, Roberto},
	journal={Model. Simul. Mater. Sc.},
	volume={1},
	number={2},
	pages={165},
	year={1993},
	publisher={IOP Publishing}
}

@article{apra1993structural,
	title={On the structural properties of NaCl: an ab initio study of the B1-B2 phase transition},
	author={Apra, E and Causa, M and Prencipe, Mauro and Dovesi, Roberto and Saunders, VR},
	journal={J. Phys-Condens. Mat.},
	volume={5},
	number={18},
	pages={2969},
	year={1993},
	publisher={IOP Publishing}
}

@article{doll1998ground,
	title={Ground-state properties of heavy alkali halides},
	author={Doll, Klaus and Stoll, Hermann},
	journal={Phys. Rev. B},
	volume={57},
	number={8},
	pages={4327},
	year={1998},
	publisher={APS}
}

@article{hehre1969program,
	title={self-consistent molecular-orbital methods. i. use of gaussian expansions of Slater-type atomic orbitals},
	author={Hehre, Warren J and Stewart, Robert F and Pople, John A},
	journal={J. Chem. Phys.},
	volume={51},
	number={6},
	pages={2657--2664},
	year={1969},
	publisher={American Institute of Physics}
}

@article{hehre1970r,
	title={self-consistent molecular orbital methods. iv. use of Gaussian expansions of Slater-type orbitals. Extension to second-row molecules},
	author={Hehre, WJ\_ and Ditchfield, R and Stewart, RF and Pople, JA},
	journal={J. Chem. Phys.},
	volume={52},
	number={5},
	pages={2769--2773},
	year={1970},
	publisher={American Institute of Physics}
}


@article{pietro1980molecular,
	title={Molecular orbital theory of the properties of inorganic and organometallic compounds. 1. STO-NG basis sets for third-row main-group elements},
	author={Pietro, William J and Levi, Beverly A and Hehre, Warren J and Stewart, Robert F},
	journal={Inorg. Chem.},
	volume={19},
	number={8},
	pages={2225--2229},
	year={1980},
	publisher={ACS Publications}
}

@article{pietro1981molecular,
	title={Molecular orbital theory of the properties of inorganic and organometallic compounds. 2. STO-NG basis sets for fourth-row main-group elements},
	author={Pietro, William J and Blurock, Edward S and Hout Jr, Robert F and Hehre, Warren J and DeFrees, Douglas J and Stewart, Robert F},
	journal={Inorg. Chem.},
	volume={20},
	number={11},
	pages={3650--3654},
	year={1981},
	publisher={ACS Publications}
}

@article{grimme2016dispersion,
	title={Dispersion-corrected mean-field electronic structure methods},
	author={Grimme, Stefan and Hansen, Andreas and Brandenburg, Jan Gerit and Bannwarth, Christoph},
	journal={Chem. Rev.},
	volume={116},
	number={9},
	pages={5105--5154},
	year={2016},
	publisher={ACS Publications}
}

@article{kruse2012geometrical,
	title={A geometrical correction for the inter-and intra-molecular basis set superposition error in Hartree-Fock and density functional theory calculations for large systems},
	author={Kruse, Holger and Grimme, Stefan},
	journal={J. Chem. Phys.},
	volume={136},
	number={15},
	pages={04B613},
	year={2012},
	publisher={AIP}
}

@article{mayer1983towards,
	title={Towards a “chemical” hamiltonian},
	author={Mayer, I},
	journal={Int. J. Quantum Chem.},
	volume={23},
	number={2},
	pages={341--363},
	year={1983},
	publisher={Wiley Online Library}
}

@article{boys1970calculation,
	title={The calculation of small molecular interactions by the differences of separate total energies. Some procedures with reduced errors},
	author={Boys, S F\_ and Bernardi, Fiorenza de},
	journal={Mol. Phys.},
	volume={19},
	number={4},
	pages={553--566},
	year={1970},
	publisher={Taylor \& Francis}
}

@manual{gromacs2018manual,
	title={GROMACS Reference Manual Version 2018},
	author={E. Lindahl and B. Hess and M.J. Abraham and D. van der Spoel and the GROMACS development team},
	year={2018},
	howpublished={www.gromacs.org}
}

@article{abraham2015gromacs,
	title={GROMACS: High performance molecular simulations through multi-level parallelism from laptops to supercomputers},
	author={Abraham, Mark James and Murtola, Teemu and Schulz, Roland and P{\'a}ll, Szil{\'a}rd and Smith, Jeremy C and Hess, Berk and Lindahl, Erik},
	journal={SoftwareX},
	volume={1},
	pages={19--25},
	year={2015},
	publisher={Elsevier}
}

@article{Cancarevic2008,
	title={Stability of alkali metal halide polymorphs as a function of pressure},
	author={{\v{C}}an{\v{c}}arevi{\'c}, {\v{Z}}eljko P and Schoen, J Christian and Jansen, Martin},
	journal={Chem--Asian J.},
	volume={3},
	number={3},
	pages={561--572},
	year={2008},
	publisher={Wiley Online Library}
}

@article{fischer2004existiert,
	title={Existiert eine Wurtzit-Modifikation von Lithiumbromid?—Untersuchungen im System LiBr/LiI—},
	author={Fischer, Dieter and Mueller, Adolf and Jansen, Martin},
	journal={Z. Anorg. Allg. Chem.},
	volume={630},
	number={15},
	pages={2697--2700},
	year={2004},
	publisher={Wiley Online Library}
}

@article{bach2009synthesis,
	title={Synthesis of a New Modification of Lithium Chloride Confirming Theoretical Predictions},
	author={Bach, Andreas and Fischer, Dieter and Jansen, Martin},
	journal={Z. Anorg. Allg. Chem.},
	volume={635},
	number={15},
	pages={2406--2409},
	year={2009},
	publisher={Wiley Online Library}
}

@article{berendsen1987missing,
	title={The missing term in effective pair potentials},
	author={Berendsen, HJC and Grigera, JR and Straatsma, TP},
	journal={J. Phys. Chem.},
	volume={91},
	number={24},
	pages={6269--6271},
	year={1987},
	publisher={ACS Publications}
}

@article{ladd1959calculation,
	title={The calculation of lattice energies},
	author={Ladd, MFC and Lee, WH},
	journal={J. Inorg. Nucl. Chem.},
	volume={11},
	number={4},
	pages={264--271},
	year={1959},
	publisher={Elsevier}
}

@article{burns2011density,
	title={Density-functional approaches to noncovalent interactions: a comparison of dispersion corrections (DFT-D), exchange-hole dipole moment (XDM) theory, and specialized functionals},
	author={Burns, Lori A and Mayagoitia, {\'A}lvaro V{\'a}zquez- and Sumpter, Bobby G and Sherrill, C David},
	journal={J. Chem. Phys.},
	volume={134},
	number={8},
	pages={084107},
	year={2011},
	publisher={AIP}
}

@article{chase1998nist,
	title={NIST-JANAF thermochemical tables fourth edition},
	author={Chase Jr, MW},
	journal={J. Phys. Chem. Ref. Data},
	volume={9},
	year={1998}
}

@book{cox1984codata,
	title={CODATA Key Values for Thermodynamics},
	author={Medvedev, Vadim Andreevich and Cox, JD and Wagman, Donald D},
	year={1989},
	publisher={Hemisphere Publishing Corporation New York}
}

@article{pascale2004calculation,
	title={The calculation of the vibrational frequencies of crystalline compounds and its implementation in the CRYSTAL code},
	author={Pascale, Fabien and Zicovich-Wilson, Claudio Marcelo and Lopez Gejo, F and Civalleri, Bartolomeo and Orlando, Roberto and Dovesi, Roberto},
	journal={J. Comput. Chem.},
	volume={25},
	number={6},
	pages={888--897},
	year={2004},
	publisher={Wiley Online Library}
}

@article{zicovich2004calculation,
	title={Calculation of the vibration frequencies of $\alpha$-quartz: The effect of Hamiltonian and basis set},
	author={Zicovich-Wilson, CM and Pascale, F and Roetti, Carla and Saunders, VR and Orlando, Roberto and Dovesi, Roberto},
	journal={J. Comput. Chem.},
	volume={25},
	number={15},
	pages={1873--1881},
	year={2004},
	publisher={Wiley Online Library}
}

@book{sirdeshmukh2013alkali,
	title={Alkali Halides: A Handbook of Physical Properties},
	author={Sirdeshmukh, Dinker B and Sirdeshmukh, Lalitha and Subhadra, KG},
	volume={49},
	year={2013},
	publisher={Springer Science \& Business Media}
}

@article{darden1993particle,
	title={Particle mesh Ewald: An N⋅ log (N) method for Ewald sums in large systems},
	author={Darden, Tom and York, Darrin and Pedersen, Lee},
	journal={J. Chem. Phys.},
	volume={98},
	number={12},
	pages={10089--10092},
	year={1993},
	publisher={AIP}
}

@article{smith1965crystal,
	title={The crystal structure of $\beta$-beryllia},
	author={Smith, DK and Cline, CF and Austerman, SB},
	journal={Acta Crystallogr.},
	volume={18},
	number={3},
	pages={393--397},
	year={1965},
	publisher={International Union of Crystallography}
}

@article{schon1995determination,
	title={Determination of candidate structures for simple ionic compounds through cell optimisation},
	author={Sch{\"o}n, JC and Jansen, M},
	journal={Comp. Mater. Sci},
	volume={4},
	number={1},
	pages={43--58},
	year={1995},
	publisher={Elsevier}
}

@article{peterson2006spectroscopic,
	title={On the spectroscopic and thermochemical properties of ClO, BrO, IO, and their anions},
	author={Peterson, Kirk A and Shepler, Benjamin C and Figgen, Detlev and Stoll, Hermann},
	journal={J. Phys. Chem. A},
	volume={110},
	number={51},
	pages={13877--13883},
	year={2006},
	publisher={ACS Publications}
}

@article{madelung1918elektrische,
	title={Das elektrische Feld in Systemen von regelm{\"a}{\ss}ig angeordneten Punktladungen},
	author={Madelung, Erwin},
	journal={Phys. Z},
	volume={19},
	number={524},
	pages={32},
	year={1918}
}

@misc{ECPDatabase,
	author = {University of Cologne},
	title = {{ECP Database}},
	note = {Accessed: 2019-07-25},
	howpublished = {http://www.tc.uni-koeln.de/PP/clickpse.en.html}
}

@article{broyden1965class,
	title={A class of methods for solving nonlinear simultaneous equations},
	author={Broyden, Charles G},
	journal={Math. of Comput.},
	volume={19},
	number={92},
	pages={577--593},
	year={1965},
	publisher={JSTOR}
}

@article{johnson1988modified,
	title={Modified Broyden’s method for accelerating convergence in self-consistent calculations},
	author={Johnson, Duane D},
	journal={Phys. Rev. B},
	volume={38},
	number={18},
	pages={12807},
	year={1988},
	publisher={APS}
}


@article{guest1974methods,
	title={On methods for converging open-shell Hartree-Fock wave-functions},
	author={Guest, MF and Saunders, VR},
	journal={Mol. Phys.},
	volume={28},
	number={3},
	pages={819--828},
	year={1974},
	publisher={Taylor \& Francis}
}

@article{brandenburg2013geometrical,
	title={Geometrical correction for the inter-and intramolecular basis set superposition error in periodic density functional theory calculations},
	author={Brandenburg, Jan Gerit and Alessio, Maristella and Civalleri, Bartolomeo and Peintinger, Michael F and Bredow, Thomas and Grimme, Stefan},
	journal={J. Phys. Chem. A},
	volume={117},
	number={38},
	pages={9282--9292},
	year={2013},
	publisher={ACS Publications}
}

@article{blondel2001electron,
	title={Electron spectrometry at the $\mu$eV level and the electron affinities of Si and F},
	author={Blondel, Christophe and Delsart, Christian and Goldfarb, Fabienne},
	journal={J. Phys. B-At. Mol. Opt.},
	volume={34},
	number={9},
	pages={L281},
	year={2001},
	publisher={IOP Publishing}
}

@article{berzinsh1995isotope,
	title={Isotope shift in the electron affinity of chlorine},
	author={Berzinsh, Uldis and Gustafsson, Morgan and Hanstorp, Dag and Klinkm{\"u}ller, A and Ljungblad, Ulric and M{\aa}rtensson-Pendrill, A-M},
	journal={Phys. Rev. A},
	volume={51},
	number={1},
	pages={231},
	year={1995},
	publisher={APS}
}

@article{blondel1989high,
	title={High-resolution determination of the electron affinity of fluorine and bromine using crossed ion and laser beams},
	author={Blondel, C and Cacciani, P and Delsart, C and Trainham, R},
	journal={Phys. Rev. A},
	volume={40},
	number={7},
	pages={3698},
	year={1989},
	publisher={APS}
}

@article{pelaez2009pulsed,
	title={Pulsed photodetachment microscopy and the electron affinity of iodine},
	author={Pel{\'a}ez, RJ and Blondel, C and Delsart, C and Drag, C},
	journal={J. Phys. B-At. Mol. Opt.},
	volume={42},
	number={12},
	pages={125001},
	year={2009},
	publisher={IOP Publishing}
}

@article{bushaw2007ionization,
	title={Ionization energy of Li 6, 7 determined by triple-resonance laser spectroscopy},
	author={Bushaw, Bruce A and N{\"o}rtersh{\"a}user, W and Drake, Gordon WF and Kluge, H J},
	journal={Phys. Rev. A},
	volume={75},
	number={5},
	pages={052503},
	year={2007},
	publisher={APS}
}

@article{ciocca1992precision,
	title={Precision Stark spectroscopy of sodium: Improved values for the ionization limit and bound states},
	author={Ciocca, M and Burkhardt, CE and Leventhal, JJ and Bergeman, T},
	journal={Phys. Rev. A},
	volume={45},
	number={7},
	pages={4720},
	year={1992},
	publisher={APS}
}

@article{ewald1921berechnung,
	title={Die Berechnung optischer und elektrostatischer Gitterpotentiale},
	author={Ewald, Paul P},
	journal={Ann. Phys.},
	volume={369},
	number={3},
	pages={253--287},
	year={1921},
	publisher={Wiley Online Library}
}

@article{alsen1925rontgenographische,
	title={R{\"o}ntgenographische Untersuchung der Kristallstrukturen von Magnetkies, Breithauptit, Pentlandit, Millerit und verwandten Verbindungen},
	author={Als{\'e}n, Nils},
	journal={Geol. Foren. Stock. For.},
	volume={47},
	number={1},
	pages={19--72},
	year={1925},
	publisher={Taylor \& Francis}
}


@article{born1927quantentheorie,
	title={Zur quantentheorie der molekeln},
	author={Born, Max and Oppenheimer, Robert},
	journal={Ann. Phys.},
	volume={389},
	number={20},
	pages={457--484},
	year={1927},
	publisher={Wiley Online Library}
}

@article{erba2014combining,
	title={On combining temperature and pressure effects on structural properties of crystals with standard ab initio techniques},
	author={Erba, Alessandro},
	journal={J. Chem. Phys.},
	volume={141},
	number={12},
	pages={124115},
	year={2014},
	publisher={AIP}
}

@article{erba2015differently,
	title={On how differently the quasi-harmonic approximation works for two isostructural crystals: Thermal properties of periclase and lime},
	author={Erba, Alessandro and Shahrokhi, M and Moradian, R and Dovesi, Roberto},
	journal={J. Chem. Phys.},
	volume={142},
	number={4},
	pages={044114},
	year={2015},
	publisher={AIP Publishing}
}

@article{erba2015structural,
	title={Structural and elastic anisotropy of crystals at high pressures and temperatures from quantum mechanical methods: The case of Mg2SiO4 forsterite},
	author={Erba, Alessandro and Maul, J and De La Pierre, Marco and Dovesi, Roberto},
	journal={J. Chem. Phys.},
	volume={142},
	number={20},
	pages={204502},
	year={2015},
	publisher={AIP Publishing}
}

@article{erba2015anharmonic,
	title={Anharmonic thermal oscillations of the electron momentum distribution in lithium fluoride},
	author={Erba, Alessandro and Maul, J and Itou, M and Dovesi, Roberto and Sakurai, Y},
	journal={Phys. Rev. Letters},
	volume={115},
	number={11},
	pages={117402},
	year={2015},
	publisher={APS}
}

@article{hartree1935self,
	title={Self-consistent field, with exchange, for beryllium},
	author={Hartree, Douglas Rayner and Hartree, W},
	journal={P. Roy. Soc. A-Math. Phy.},
	volume={150},
	number={869},
	pages={9--33},
	year={1935},
	publisher={The Royal Society London}
}

@article{schlegel1984estimating,
	title={Estimating the Hessian for gradient-type geometry optimizations},
	author={Schlegel, H Bernhard},
	journal={Theor. Chim. Acta},
	volume={66},
	number={5},
	pages={333--340},
	year={1984},
	publisher={Springer}
}

@article{wittbrodt1997estimating,
	title={Estimating stretching force constants for geometry optimization},
	author={Wittbrodt, Joanne M and Schlegel, H Bernhard},
	journal={J. Mol. Struc-Theochem.},
	volume={398},
	pages={55--61},
	year={1997},
	publisher={Elsevier}
}

@article{broyden1970convergence,
	title={The convergence of a class of double-rank minimization algorithms 1. general considerations},
	author={Broyden, Charles George},
	journal={IMA J. Appl. Math.},
	volume={6},
	number={1},
	pages={76--90},
	year={1970},
	publisher={Oxford University Press}
}

@article{broyden1970convergence2,
	title={The convergence of a class of double-rank minimization algorithms: 2. The new algorithm},
	author={Broyden, Charles G},
	journal={IMA J. Appl. Math.},
	volume={6},
	number={3},
	pages={222--231},
	year={1970},
	publisher={Oxford University Press}
}

@article{fletcher1970new,
	author = {Fletcher, R.},
	title = "{A new approach to variable metric algorithms}",
	journal = {Comput. J.},
	volume = {13},
	number = {3},
	pages = {317-322},
	year = {1970},
	month = {01},
	issn = {0010-4620},
	doi = {10.1093/comjnl/13.3.317},
}

@article{goldfarb1970family,
	title={A family of variable-metric methods derived by variational means},
	author={Goldfarb, Donald},
	journal={Math. Comput.},
	volume={24},
	number={109},
	pages={23--26},
	year={1970}
}

@article{shanno1970conditioning,
	ISSN = {00255718, 10886842},
	author = {D. F. Shanno},
	journal = {Math. Comput.},
	number = {111},
	pages = {647--656},
	publisher = {American Mathematical Society},
	title = {Conditioning of Quasi-Newton Methods for Function Minimization},
	volume = {24},
	year = {1970}
}

@article{essmann1995smooth,
	title={A smooth particle mesh Ewald method},
	author={Essmann, Ulrich and Perera, Lalith and Berkowitz, Max L and Darden, Tom and Lee, Hsing and Pedersen, Lee G},
	journal={J. Chem. Phys.},
	volume={103},
	number={19},
	pages={8577--8593},
	year={1995},
	publisher={AIP}
}

@article{jorgensen1983comparison,
	title={Comparison of simple potential functions for simulating liquid water},
	author={Jorgensen, William L and Chandrasekhar, Jayaraman and Madura, Jeffry D and Impey, Roger W and Klein, Michael L},
	journal={J. Chem. Phys.},
	volume={79},
	number={2},
	pages={926--935},
	year={1983},
	publisher={AIP}
}

@article{horn2004development,
	title={Development of an improved four-site water model for biomolecular simulations: TIP4P-Ew},
	author={Horn, Hans W and Swope, William C and Pitera, Jed W and Madura, Jeffry D and Dick, Thomas J and Hura, Greg L and Head-Gordon, Teresa},
	journal={J. Chem. Phys.},
	volume={120},
	number={20},
	pages={9665--9678},
	year={2004},
	publisher={AIP}
}

@article{armijo1966minimization,
	title={Minimization of functions having Lipschitz continuous first partial derivatives},
	author={Armijo, Larry},
	journal={Pac. J. Math.},
	volume={16},
	number={1},
	pages={1--3},
	year={1966},
	publisher={Mathematical Sciences Publishers}
}

@book{dennis1996numerical,
	title={{Numerical Methods for Unconstrained Optimization and Nonlinear Equations}},
	author={Dennis Jr, John E and Schnabel, Robert B},
	volume={16},
	year={1996},
	publisher={Siam}
}

@article{dunning1989gaussian,
	title={Gaussian basis sets for use in correlated molecular calculations. I. The atoms boron through neon and hydrogen},
	author={Dunning Jr, Thom H},
	journal={J. Chem. Phys.},
	volume={90},
	number={2},
	pages={1007--1023},
	year={1989},
	publisher={AIP}
}

@article{woon1993gaussian,
	title={Gaussian basis sets for use in correlated molecular calculations. III. The atoms aluminum through argon},
	author={Woon, David E and Dunning Jr, Thom H},
	journal={J. Chem. Phys.},
	volume={98},
	number={2},
	pages={1358--1371},
	year={1993},
	publisher={AIP}
}

@article{prascher2011gaussian,
	title={Gaussian basis sets for use in correlated molecular calculations. VII. Valence, core-valence, and scalar relativistic basis sets for Li, Be, Na, and Mg},
	author={Prascher, Brian P and Woon, David E and Peterson, Kirk A and Dunning, Thom H and Wilson, Angela K},
	journal={Theo. Chem. Acc.},
	volume={128},
	number={1},
	pages={69--82},
	year={2011},
	publisher={Springer}
}

@article{wilson1999gaussian,
	title={Gaussian basis sets for use in correlated molecular calculations. IX. The atoms gallium through krypton},
	author={Wilson, Angela K and Woon, David E and Peterson, Kirk A and Dunning Jr, Thom H},
	journal={J. Chem. Phys.},
	volume={110},
	number={16},
	pages={7667--7676},
	year={1999},
	publisher={AIP}
}

@article{kendall1992electron,
	title={Electron affinities of the first-row atoms revisited. Systematic basis sets and wave functions},
	author={Kendall, Rick A and Dunning Jr, Thom H and Harrison, Robert J},
	journal={J. Chem. Phys.},
	volume={96},
	number={9},
	pages={6796--6806},
	year={1992},
	publisher={AIP}
}

@article{hill2013gaussian,
	title={Gaussian basis sets for molecular applications},
	author={Hill, J Grant},
	journal={Int. J. Quantum Chem.},
	volume={113},
	number={1},
	pages={21--34},
	year={2013},
	publisher={Wiley Online Library}
}

@article{feller2011effectiveness,
	title={On the effectiveness of CCSD (T) complete basis set extrapolations for atomization energies},
	author={Feller, David and Peterson, Kirk A and Grant Hill, J},
	journal={J. Chem. Phys.},
	volume={135},
	number={4},
	pages={044102},
	year={2011},
	publisher={AIP}
}

@article{perdew1986density,
	title={Density-functional approximation for the correlation energy of the inhomogeneous electron gas},
	author={Perdew, John P},
	journal={Phys. Rev. B},
	volume={33},
	number={12},
	pages={8822},
	year={1986},
	publisher={APS}
}

@incollection{perdew2003density,
	title={Density functionals for non-relativistic Coulomb systems in the new century},
	author={Perdew, John P and Kurth, Stefan},
	booktitle={A primer in density functional theory},
	pages={1--55},
	year={2003},
	publisher={Springer}
}

@article{tao2003climbing,
	title={Climbing the density functional ladder: Nonempirical meta--generalized gradient approximation designed for molecules and solids},
	author={Tao, Jianmin and Perdew, John P and Staroverov, Viktor N and Scuseria, Gustavo E},
	journal={Phys. Rev. Letters},
	volume={91},
	number={14},
	pages={146401},
	year={2003},
	publisher={APS}
}

@article{pribram2015dft,
	title={Dft: A theory full of holes?},
	author={Pribram-Jones, Aurora and Gross, David A and Burke, Kieron},
	journal={Annu. Rev. Phys. Chem.},
	volume={66},
	pages={283--304},
	year={2015},
	publisher={Annual Reviews}
}

@article{buckingham1938classical,
	title={The classical equation of state of gaseous helium, neon and argon},
	author={Buckingham, Richard A},
	journal={P. Roy. Soc. Lond. A Mat.},
	volume={168},
	number={933},
	pages={264--283},
	year={1938},
	publisher={The Royal Society London}
}

@article{salanne2011polarization,
	title={Polarization effects in ionic solids and melts},
	author={Salanne, Mathieu and Madden, Paul A},
	journal={Mol. Phys.},
	volume={109},
	number={19},
	pages={2299--2315},
	year={2011},
	publisher={Taylor \& Francis}
}

@article{fowler1983crystal,
	title={The in-crystal polarizability of the fluoride ion},
	author={Fowler, PW and Madden, PA},
	journal={Mol. Phys.},
	volume={49},
	number={4},
	pages={913--923},
	year={1983},
	publisher={Taylor \& Francis}
}

@article{fowler1985calculations,
	title={Calculations of two-and three-body dispersion coefficients for ions in crystals},
	author={Fowler, PW and Knowles, PJ and Pyper, NC},
	journal={Mol. Phys.},
	volume={56},
	number={1},
	pages={83--95},
	year={1985},
	publisher={Taylor \& Francis}
}

@article{fowler1986dipole,
	title={Dipole-quadrupole dispersion coefficients for ions in crystals},
	author={Fowler, PW and Pyper, NC},
	journal={Mol. Phys.},
	volume={59},
	number={2},
	pages={317--326},
	year={1986},
	publisher={Taylor \& Francis}
}

@article{fowler1990user,
	title={A User's Guide to Polarisabilities and Dispersion Coefficients for Ions in Crystals},
	author={Fowler, PW},
	journal={Mol. Simulat.},
	volume={4},
	number={5},
	pages={313--330},
	year={1990},
	publisher={Taylor \& Francis}
}

@article{wilson1970dipole,
	title={Dipole polarizabilities of ions in alkali halide crystals},
	author={Wilson, John Norton and Curtis, Richard M},
	journal={J. Phys. Chem.},
	volume={74},
	number={1},
	pages={187--196},
	year={1970},
	publisher={ACS Publications}
}

@article{mitskevich1964deviation,
	title={Deviation from polarizability additivity and diamagnetic susceptibilities in cubic ion crystals},
	author={Mitskevich, VV},
	journal={Sov. Phys. Sol-State},
	volume={6},
	number={3},
	pages={557--562},
	year={1964}
}

@article{mahan1980polarizability,
	title={Polarizability of ions in crystals},
	author={Mahan, GD},
	journal={Solid State Ionics},
	volume={1},
	number={1-2},
	pages={29--45},
	year={1980},
	publisher={Elsevier}
}

@article{murrell1981many,
	title={Many-body contributions to the intermolecular potential in alkali halide crystals and clusters},
	author={Murrell, JN and Tennyson, J and Kamel, MA},
	journal={Mol. Phys.},
	volume={42},
	number={4},
	pages={747--755},
	year={1981},
	publisher={Taylor \& Francis}
}

@article{tang1984improved,
	title={An improved simple model for the van der Waals potential based on universal damping functions for the dispersion coefficients},
	author={Tang, KT and Toennies, J Peter},
	journal={J. Chem. Phys.},
	volume={80},
	number={8},
	pages={3726--3741},
	year={1984},
	publisher={AIP}
}

@article{ray1996effect,
	title={Effect of crystal potential on dynamic polarizability of negative ions},
	author={Ray, D and Schmidt, PC and Weiss, Alarich},
	journal={Theor. Chim. Acta},
	volume={93},
	number={3},
	pages={177--189},
	year={1996},
	publisher={Springer}
}

@article{ehrlich2011system,
	title={System-Dependent Dispersion Coefficients for the DFT-D3 Treatment of Adsorption Processes on Ionic Surfaces},
	author={Ehrlich, Stephan and Moellmann, Jonas and Reckien, Werner and Bredow, Thomas and Grimme, Stefan},
	journal={ChemPhysChem},
	volume={12},
	number={17},
	pages={3414--3420},
	year={2011},
	publisher={Wiley Online Library}
}

@article{caldeweyher2017extension,
	title={Extension of the D3 dispersion coefficient model},
	author={Caldeweyher, Eike and Bannwarth, Christoph and Grimme, Stefan},
	journal={J. Chem. Phys.},
	volume={147},
	number={3},
	pages={034112},
	year={2017},
	publisher={AIP Publishing}
}

@article{caldeweyher2019generally,
	title={A generally applicable atomic-charge dependent London dispersion correction},
	author={Caldeweyher, Eike and Ehlert, Sebastian and Hansen, Andreas and Neugebauer, Hagen and Spicher, Sebastian and Bannwarth, Christoph and Grimme, Stefan},
	journal={J. Chem. Phys.},
	volume={150},
	number={15},
	pages={154122},
	year={2019},
	publisher={AIP Publishing LLC}
}

@article{casimir1948influence,
	title={The influence of retardation on the London-van der Waals forces},
	author={Casimir, Hendrik BG and Polder, Dirk},
	journal={Phys. Rev.},
	volume={73},
	number={4},
	pages={360},
	year={1948},
	publisher={APS}
}

@article{bader1967molecular,
	title={Molecular Charge Distributions and Chemical Binding. II. First-Row Diatomic Hydrides, AH},
	author={Bader, RFW and Keaveny, Ian and Cade, Paul E},
	journal={J. Chem. Phys.},
	volume={47},
	number={9},
	pages={3381--3402},
	year={1967},
	publisher={AIP}
}

@article{politzer1966electronic,
	title={Electronic Density Distribution in Lithium Hydride},
	author={Politzer, Peter and Brown, Richard E},
	journal={J. Chem. Phys.},
	volume={45},
	number={2},
	pages={451--454},
	year={1966},
	publisher={AIP}
}

@article{glover1977imaginary,
	title={Imaginary-frequency polarizability and van der Waals force constants of two-electron atoms, with rigorous bounds},
	author={Glover, RM and Weinhold, F},
	journal={J. Chem. Phys.},
	volume={66},
	number={1},
	pages={191--198},
	year={1977},
	publisher={AIP}
}

@inproceedings{vcanvcarevic2005theoretical,
	author = {{\v{C}}an{\v{c}}arevi{\'{c}}, {\v{Z}}.P. and Sch{\"{o}}n, J.C. and Fischer, D. and Jansen, Martin},
	title = {Theoretical and Experimental Exploration of the Energy Landscape of LiI},
	year = {2005},
	month = {5},
	volume = {494},
	pages = {61--66},
	booktitle = {Current Research in Advanced Materials and Processes},
	series = {Materials Science Forum},
	publisher = {Trans Tech Publications Ltd},
	doi = {10.4028/www.scientific.net/MSF.494.61},
	keywords = {Energy Landscape, Structure Prediction, Ab Initio Energy Calculation, Atomic Beam Deposition, LiI},
}


@article{wassermann1988hexagonal,
	title={Hexagonal LiI},
	author={Wassermann, B and H{\"o}nle, W and Martin, TP},
	journal={Solid State Commun.},
	volume={65},
	number={7},
	pages={561--564},
	year={1988},
	publisher={Elsevier}
}

@article{caldeweyher2020extension,
	author = {Caldeweyher, Eike and Mewes, Jan Michael and Ehlert, Sebastian and Grimme, Stefan},
	journal = {Phys. Chem. Chem. Phys.},
	month = {apr},
	number = {16},
	pages = {8499--8512},
	pmid = {32292979},
	publisher = {Royal Society of Chemistry},
	title = {{Extension and evaluation of the D4 London-dispersion model for periodic systems}},
	volume = {22},
	year = {2020}
}

@article{oliveira2019bsse,
	author = {Vilela Oliveira, Daniel and Laun, Joachim and Peintinger, Michael F. and Bredow, Thomas},
	title = {BSSE-correction scheme for consistent gaussian basis sets of double- and triple-zeta valence with polarization quality for solid-state calculations},
	journal = {J. Comput. Chem.},
	volume = {40},
	number = {27},
	pages = {2364-2376},
	keywords = {CRYSTAL, basis sets, pob-DZVP-rev2, pob-TZVP-rev2, solid-state},
	doi = {10.1002/jcc.26013},
	year = {2019}
}

@article{dovesi1991elastic,
	title={On the elastic properties of lithium, sodium and potassium oxide. An ab initio study},
	author={Dovesi, Roberto and Roetti, Carla and Freyria-Fava, C and Prencipe, Mauro and Saunders, VR},
	journal={Chem. Phys.},
	volume={156},
	number={1},
	pages={11--19},
	year={1991},
	publisher={Elsevier}
}

@article{van1994state,
	title={State of the art in counterpoise theory},
	author={Van Duijneveldt, Frans B and van Duijneveldt-van de Rijdt, Jeanne GCM and van Lenthe, Joop H},
	journal={Chem. Rev.},
	volume={94},
	number={7},
	pages={1873--1885},
	year={1994},
	publisher={ACS Publications}
}

@article{pauling1929principles,
	title={The principles determining the structure of complex ionic crystals},
	author={Pauling, Linus},
	journal={J. Am. Chem. Soc.},
	volume={51},
	number={4},
	pages={1010--1026},
	year={1929},
	publisher={ACS Publications}
}

@article{shannon1976revised,
	title={Revised effective ionic radii and systematic studies of interatomic distances in halides and chalcogenides},
	author={Shannon, Robert D},
	journal={Acta. Crystall. A-Crys.},
	volume={32},
	number={5},
	pages={751--767},
	year={1976},
	publisher={International Union of Crystallography}
}

@article{rappoport2008functional,
	title={Which functional should I choose?},
	author={Rappoport, Dmitrij and Crawford, Nathan R. M. and Furche, Filipp and Burke, Kieron},
	journal={Comput. Inorg. Bioinorg. Chem.},
	volume={594},
	pages={1--25},
	year={2008}
}

@misc{dftd4module,
	title = {{DFTD4: A Generally Applicable Atomic-Charge Dependent London Dispersion Correction}},
	howpublished = {\url{https://github.com/dftd4/dftd4}},
	note = {Accessed: 2020-04-09}
}

@article{doll2007global,
	title={Global exploration of the energy landscape of solids on the ab initio level},
	author={Doll, K and Sch{\"o}n, JC and Jansen, M},
	journal={Phys. Chem. Chem. Phys.},
	volume={9},
	number={46},
	pages={6128--6133},
	year={2007},
	publisher={Royal Society of Chemistry}
}

@article{sangthong2008stable,
	title={Stable nanoporous alkali halide polymorphs: a first principles bottom-up study},
	author={Sangthong, W and Limtrakul, J and Illas, F and Bromley, ST},
	journal={J. Mater. Chem.},
	volume={18},
	number={48},
	pages={5871--5879},
	year={2008},
	publisher={Royal Society of Chemistry}
}

@article{prencipe1995ab,
	title={Ab initio study of the structural properties of LiF, NaF, KF, LiCl, NaCl, and KCl},
	author={Prencipe, Mauro and Zupan, A and Dovesi, Roberto and Apra, E and Saunders, VR},
	journal={Phys. Rev. B},
	volume={51},
	number={6},
	pages={3391},
	year={1995},
	publisher={APS}
}

@article{doll1997cohesive,
	title={Cohesive properties of alkali halides},
	author={Doll, Klaus and Stoll, Hermann},
	journal={Phys. Rev. B},
	volume={56},
	number={16},
	pages={10121},
	year={1997},
	publisher={APS}
}

@article{lowdin1956quantum,
	title={Quantum theory of cohesive properties of solids},
	author={L{\"o}wdin, Per Olov},
	journal={Adv. Phys.},
	volume={5},
	number={17},
	pages={1--171},
	year={1956},
	publisher={Taylor \& Francis}
}

@article{schon2010predicting,
	title={Predicting solid compounds via global exploration of the energy landscape of solids on the ab initio level without recourse to experimental information},
	author={Sch{\"o}n, J Christian and Doll, Klaus and Jansen, Martin},
	journal={Phys. Status Solidi B},
	volume={247},
	number={1},
	pages={23--39},
	year={2010},
	publisher={Wiley Online Library}
}

@article{jaswal1973electronic,
	title={Electronic polarisabilities of ions in alkali halide crystals},
	author={Jaswal, SS and Sharma, TP},
	journal={J. Phys. Chem. Solids},
	volume={34},
	number={3},
	pages={509--511},
	year={1973},
	publisher={Elsevier}
}

@article{lim2002fully,
	title={Fully relativistic coupled-cluster static dipole polarizabilities of the positively charged alkali ions from Li+ to 119+},
	author={Lim, Ivan S and Laerdahl, Jon K and Schwerdtfeger, Peter},
	journal={J. Chem. Phys.},
	volume={116},
	number={1},
	pages={172--178},
	year={2002},
	publisher={American Institute of Physics}
}

@article{schwerdtfeger20192018,
	title={2018 Table of static dipole polarizabilities of the neutral elements in the periodic table},
	author={Schwerdtfeger, Peter and Nagle, Jeffrey K},
	journal={Mol. Phys.},
	volume={117},
	number={9-12},
	pages={1200--1225},
	year={2019},
	publisher={Taylor \& Francis}
}

@article{kuhne2020cp2k,
	title={CP2K: An electronic structure and molecular dynamics software package-Quickstep: Efficient and accurate electronic structure calculations},
	author={K{\"u}hne, Thomas D and Iannuzzi, Marcella and Del Ben, Mauro and Rybkin, Vladimir V and Seewald, Patrick and Stein, Frederick and Laino, Teodoro and Khaliullin, Rustam Z and Sch{\"u}tt, Ole and Schiffmann, Florian and others},
	journal={J. Chem. Phys.},
	volume={152},
	number={19},
	pages={194103},
	year={2020},
	publisher={AIP Publishing LLC}
}



@article{koga1999contracted,
	title={Contracted Gaussian-type basis functions revisited. III. Atoms K through Kr},
	author={Koga, Toshikatsu and Tatewaki, Hiroshi and Matsuyama, Hisashi and Satoh, Yasuharu},
	journal={Theo. Chem. Acc.},
	volume={102},
	number={1},
	pages={105--111},
	year={1999},
	publisher={Springer}
}

@article{koga2002contracted,
	title={Contracted Gaussian-type basis functions revisited. IV. Atoms Rb to Xe},
	author={Koga, Toshikatsu and Yamamoto, Shigeyoshi and Shimazaki, Tsuyoshi and Tatewaki, Hiroshi},
	journal={Theo. Chem. Acc.},
	volume={108},
	number={1},
	pages={41--45},
	year={2002},
	publisher={Springer}
}

@article{noro1997contracted,
	title={Contracted polarization functions for the atoms helium through neon},
	author={Noro, Takeshi and Sekiya, Masahiro and Koga, Toshikatsu},
	journal={Theo. Chem. Acc.},
	volume={98},
	number={1},
	pages={25--32},
	year={1997},
	publisher={Springer}
}


@article{noro2008core,
	title={Core-valence correlating basis sets for alkali and alkaline earth metal atoms},
	author={Noro, Takeshi and Sekiya, Masahiro and Koga, Toshikatsu},
	journal={Theo. Chem. Acc.},
	volume={121},
	number={5},
	pages={289--295},
	year={2008},
	publisher={Springer}
}

@article{sekiya1998contracted,
	title={Contracted polarization functions for the atoms magnesium through argon},
	author={Sekiya, Masahiro and Noro, Takeshi and Koga, Toshikatsu and Matsuyama, Hisashi},
	journal={J. Mol. Struc-Theochem.},
	volume={451},
	number={1-2},
	pages={51--60},
	year={1998},
	publisher={Elsevier}
}

@article{sekiya2001contracted,
	title={Contracted polarization functions for the atoms Ca, Ga--Kr, Sr, and In--Xe},
	author={Sekiya, Masahiro and Noro, Takeshi and Osanai, You and Koga, Toshikatsu},
	journal={Theo. Chem. Acc.},
	volume={106},
	number={4},
	pages={297--300},
	year={2001},
	publisher={Springer}
}

@article{tatewaki1996contracted,
	title={Contracted Gaussian-type basis functions revisited},
	author={Tatewaki, Hiroshi and Koga, Toshikatsu},
	journal={J. Chem. Phys.},
	volume={104},
	number={21},
	pages={8493--8499},
	year={1996},
	publisher={American Institute of Physics}
}

@article{tatewaki1997contracted,
	title={Contracted Gaussian-type basis functions revisited II. Atoms Na through Ar},
	author={Tatewaki, Hiroshi and Koga, Toshikatsu and Takashima, Hiroyuki},
	journal={Theo. Chem. Acc.},
	volume={96},
	number={4},
	pages={243--247},
	year={1997},
	publisher={Springer}
}

@article{noro2009relativistic,
	title={Relativistic contracted Gaussian-type basis functions for atoms K through Xe},
	author={Noro, Takeshi and Sekiya, Masahiro and Koga, Toshikatsu and Saito, Shiro L},
	journal={Chem. Phys. Lett.},
	volume={481},
	number={4-6},
	pages={229--233},
	year={2009},
	publisher={Elsevier}
}

@article{dion2004van,
	title={Van der Waals density functional for general geometries},
	author={Dion, Max and Rydberg, Henrik and Schr{\"o}der, Elsebeth and Langreth, David C and Lundqvist, Bengt I},
	journal={Phys. Rev. Lett.},
	volume={92},
	number={24},
	pages={246401},
	year={2004},
	publisher={APS}
}

@article{sabatini2013nonlocal,
	title={Nonlocal van der Waals density functional made simple and efficient},
	author={Sabatini, Riccardo and Gorni, Tommaso and De Gironcoli, Stefano},
	journal={Phys. Rev. B},
	volume={87},
	number={4},
	pages={041108},
	year={2013},
	publisher={APS}
}

@article{vydrov2010nonlocal,
	title={Nonlocal van der Waals density functional: The simpler the better},
	author={Vydrov, Oleg A and Van Voorhis, Troy},
	journal={J. Chem. Phys.},
	volume={133},
	number={24},
	pages={244103},
	year={2010},
	publisher={American Institute of Physics}
}


@article{douglas1974quantum,
	title={Quantum electrodynamical corrections to the fine structure of helium},
	author={Douglas, Marvin and Kroll, Norman M},
	journal={Ann. Phys-New York},
	volume={82},
	number={1},
	pages={89--155},
	year={1974},
	publisher={Elsevier}
}

@article{hess1985applicability,
	title={Applicability of the no-pair equation with free-particle projection operators to atomic and molecular structure calculations},
	author={Hess, Bernd A},
	journal={Phys. Rev. A},
	volume={32},
	number={2},
	pages={756},
	year={1985},
	publisher={APS}
}

@article{nakajima2012douglas,
	title={The Douglas--Kroll--Hess Approach},
	author={Nakajima, Takahito and Hirao, Kimihiko},
	journal={Chem. Rev.},
	volume={112},
	number={1},
	pages={385--402},
	year={2012},
	publisher={ACS Publications}
}

@article{lehtola2018recent,
	title={Recent developments in libxc—A comprehensive library of functionals for density functional theory},
	author={Lehtola, Susi and Steigemann, Conrad and Oliveira, Micael JT and Marques, Miguel AL},
	journal={SoftwareX},
	volume={7},
	pages={1--5},
	year={2018},
	publisher={Elsevier}
}

@article{stein2020double,
	title={Double-Hybrid DFT Functionals for the Condensed Phase: Gaussian and Plane Waves Implementation and Evaluation},
	author={Stein, Frederick and Hutter, J{\"u}rg and Rybkin, Vladimir V},
	journal={Molecules},
	volume={25},
	number={21},
	pages={5174},
	year={2020},
	publisher={Multidisciplinary Digital Publishing Institute}
}

@article{klimevs2009chemical,
	title={Chemical accuracy for the van der Waals density functional},
	author={Klime{\v{s}}, Ji{\v{r}}{\'\i} and Bowler, David R and Michaelides, Angelos},
	journal={J. Phys-Condens. Mat.},
	volume={22},
	number={2},
	pages={022201},
	year={2009},
	publisher={IOP Publishing}
}

@article{constantin2016semiclassical,
	title={Semiclassical atom theory applied to solid-state physics},
	author={Constantin, Lucian A and Terentjevs, Aleksandrs and Della Sala, Fabio and Cortona, Pietro and Fabiano, Eduardo},
	journal={Phys. Rev. B},
	volume={93},
	number={4},
	pages={045126},
	year={2016},
	publisher={APS}
}

@article{terentjev2018solid,
	title={Solid-state testing of a van-der-waals-corrected exchange-correlation functional based on the semiclassical atom theory},
	author={Terentjev, Aleksandr V and Cortona, Pietro and Constantin, Lucian A and Pitarke, Jos{\'e} M and Della Sala, Fabio and Fabiano, Eduardo},
	journal={Computation},
	volume={6},
	number={1},
	pages={7},
	year={2018},
	publisher={Multidisciplinary Digital Publishing Institute}
}

@article{hamada2014van,
	title={van der Waals density functional made accurate},
	author={Hamada, Ikutaro},
	journal={Phys. Rev. B},
	volume={89},
	number={12},
	pages={121103},
	year={2014},
	publisher={APS}
}

@article{tao2016accurate,
	title={Accurate semilocal density functional for condensed-matter physics and quantum chemistry},
	author={Tao, Jianmin and Mo, Yuxiang},
	journal={Phys. Rev. Lett.},
	volume={117},
	number={7},
	pages={073001},
	year={2016},
	publisher={APS}
}

@article{sun2015strongly,
	title={Strongly constrained and appropriately normed semilocal density functional},
	author={Sun, Jianwei and Ruzsinszky, Adrienn and Perdew, John P},
	journal={Phys. Rev. Lett.},
	volume={115},
	number={3},
	pages={036402},
	year={2015},
	publisher={APS}
}

@article{peng2016versatile,
	title={Versatile van der Waals density functional based on a meta-generalized gradient approximation},
	author={Peng, Haowei and Yang, Zeng-Hui and Perdew, John P and Sun, Jianwei},
	journal={Phys. Rev. X},
	volume={6},
	number={4},
	pages={041005},
	year={2016},
	publisher={APS}
}

@article{perdew2004meta,
	title={Meta-generalized gradient approximation: Explanation of a realistic nonempirical density functional},
	author={Perdew, John P and Tao, Jianmin and Staroverov, Viktor N and Scuseria, Gustavo E},
	journal={J. Chem. Phys.},
	volume={120},
	number={15},
	pages={6898--6911},
	year={2004},
	publisher={American Institute of Physics}
}

@article{tao2003climbing,
	title={Climbing the density functional ladder: Nonempirical meta--generalized gradient approximation designed for molecules and solids},
	author={Tao, Jianmin and Perdew, John P and Staroverov, Viktor N and Scuseria, Gustavo E},
	journal={Phys. Rev. Lett.},
	volume={91},
	number={14},
	pages={146401},
	year={2003},
	publisher={APS}
}

@article{patra2019performance,
	title={Performance of Tao--Mo Semilocal Functional with rVV10 Dispersion-Correction: Influence of Different Correlation},
	author={Patra, Abhilash and Jana, Subrata and Samal, Prasanjit},
	journal={J. Phys. Chem. A},
	volume={123},
	number={49},
	pages={10582--10593},
	year={2019},
	publisher={ACS Publications}
}

@techreport{touloukian1977thermophysical,
	title={Thermophysical Properties of Matter-the TPRC Data Series. Volume 13. Thermal Expansion-Nonmetallic Solids},
	author={Touloukian, YS and Kirby, RK and Taylor, ER and Lee, TYR},
	year={1977},
}


@article{Lin1996,
	author = {Lin, Shu Kun},
	doi = {10.1021/ci950077k},
	issn = {00952338},
	journal = {J. Chem. Inf. Comp. Sci.},
	title = {Correlation of entropy with similarity and symmetry},
	year = {1996}
}


@article{Hu2019,
	author = {Hu, C. H. and Chen, Y. C. and Yu, P. J. and Fung, K. Y. and Hsueh, Y. C. and Liaw, P. K. and Yeh, J. W. and Hu, A.},
	doi = {10.1063/1.5114974},
	issn = {00036951},
	journal = {Appl. Phys. Lett.},
	title = {From symmetry to entropy: Crystal entropy difference strongly affects early stage phase transformation},
	year = {2019}
}

@article{Krivovichev2016,
	author = {Krivovichev, Sergey V.},
	doi = {10.1107/S205252061501906X},
	issn = {2052-5206},
	journal = {Acta. Crystallogr. B},
	month = {apr},
	number = {2},
	pages = {274--276},
	title = {Structural complexity and configurational entropy of crystals},
	volume = {72},
	year = {2016}
}


@article{yang2019rationalizing,
	title={Rationalizing accurate structure prediction in the meta-GGA SCAN functional},
	author={Yang, Julia H and Kitchaev, Daniil A and Ceder, Gerbrand},
	journal={Phys. Rev. B},
	volume={100},
	number={3},
	pages={035132},
	year={2019},
	publisher={APS}
}

@article{zhang2018efficient,
	title={Efficient first-principles prediction of solid stability: Towards chemical accuracy},
	author={Zhang, Yubo and Kitchaev, Daniil A and Yang, Julia and Chen, Tina and Dacek, Stephen T and Sarmiento-P{\'e}rez, Rafael A and Marques, Maguel AL and Peng, Haowei and Ceder, Gerbrand and Perdew, John P and others},
	journal={Npj Comput. Mater.},
	volume={4},
	number={1},
	pages={1--6},
	year={2018},
	publisher={Nature Publishing Group}
}

@article{ruhl1956struktur,
	title={Zur Struktur d{\"u}nner, bei tiefer Temperatur kondensierter Salzschichten. I. Alkalihalogenide},
	author={R{\"u}hl, Wilhelm},
	journal={Z. Phys.},
	volume={143},
	number={5},
	pages={591--604},
	year={1956},
	publisher={Springer}
}

@article{ostwald1897studien,
	title={Studien {\"u}ber die Bildung und Umwandlung fester K{\"o}rper: 1. Abhandlung: {\"U}bers{\"a}ttigung und {\"U}berkaltung},
	author={Ostwald, Wilhelm},
	journal={Z. Phys. Chem.},
	volume={22},
	number={1},
	pages={289--330},
	year={1897},
	publisher={De Gruyter}
}

@article{fischer2002low,
	title={Low-activation solid-state syntheses by reducing transport lengths to atomic scales as demonstrated by case studies on AgNO3 and AgO},
	author={Fischer, Dieter and Jansen, Martin},
	journal={J. Am. Chem. Soc.},
	volume={124},
	number={14},
	pages={3488--3489},
	year={2002},
	publisher={ACS Publications}
}

@article{fischer2002synthesis,
	title={Synthesis and structure of Na3N},
	author={Fischer, Dieter and Jansen, Martin},
	journal={Angew. Chem. Int. Edit.},
	volume={41},
	number={10},
	pages={1755--1756},
	year={2002},
	publisher={Wiley Online Library}
}

@article{bach2013metastable,
	title={Metastable phase formation of indium monochloride from an amorphous feedstock},
	author={Bach, Andreas and Fischer, Dieter and Jansen, Martin},
	journal={Z. Anorg. Allg. Chem.},
	volume={639},
	number={3-4},
	pages={465--467},
	year={2013},
	publisher={Wiley Online Library}
}

@article{fischer2019systematics,
	title={Systematics of the allotrope formation in elemental gallium films},
	author={Fischer, Dieter and Andriyevsky, Bohdan and Sch{\"o}n, J Christian},
	journal={Mater. Res. Express},
	volume={6},
	number={11},
	pages={116401},
	year={2019},
	publisher={IOP Publishing}
}

@article{bach2011structural,
	title={Structural evolution of magnesium difluoride: from an amorphous deposit to a new polymorph},
	author={Bach, Andreas and Fischer, Dieter and Mu, Xiaoke and Sigle, Wilfried and van Aken, Peter A and Jansen, Martin},
	journal={Inorg. Chem.},
	volume={50},
	number={4},
	pages={1563--1569},
	year={2011},
	publisher={ACS Publications}
}

@book{noguera1996physics,
	title={Physics and chemistry at oxide surfaces},
	author={Noguera, Claudine},
	year={1996},
	publisher={Cambridge University Press}
}

@article{mayer1998chemical,
	title={The chemical Hamiltonian approach for treating the BSSE problem of intermolecular interactions},
	author={Mayer, I},
	journal={Int. J. Quantum Chem.},
	volume={70},
	number={1},
	pages={41--63},
	year={1998},
	publisher={Wiley Online Library}
}

@article{hermann2010spin,
	title={Spin-orbit effects in structural and electronic properties for the solid state of the group-14 elements from carbon to superheavy element 114},
	author={Hermann, Andreas and Furthm{\"u}ller, J{\"u}rgen and G{\"a}ggeler, Heinz W and Schwerdtfeger, Peter},
	journal={Phys. Rev. B},
	volume={82},
	number={15},
	pages={155116},
	year={2010},
	publisher={APS}
}

@article{scheiber2021analysis,
	title={Analysis of the relative stability of lithium halide crystal structures: Density functional theory and classical models},
	author={Scheiber, HO and Patey, GN},
	journal={The Journal of Chemical Physics},
	volume={154},
	number={18},
	pages={184507},
	year={2021},
	publisher={AIP Publishing LLC}
}

@book{mockus2012bayesian,
	title={Bayesian approach to global optimization: theory and applications},
	author={Mockus, Jonas},
	volume={37},
	year={2012},
	publisher={Springer Science \& Business Media}
}

@article{steinhardt1983bond,
	title={Bond-orientational order in liquids and glasses},
	author={Steinhardt, Paul J and Nelson, David R and Ronchetti, Marco},
	journal={Physical Review B},
	volume={28},
	number={2},
	pages={784},
	year={1983},
	publisher={APS}
}